@book{FWho,
	author = "Transnational College of Lex, Alex Gleason",
	year = "1995",
	title = "Who is Fourier? A Mathematical Adventure",
	publisher = "Language Research Foundation",
	adrees = "Boston"
}

@misc{FSWiki,
    author = "Wikipedia",
	title = "Fourier Series",
	url = "https://en.wikipedia.org/wiki/Fourier_series"
}

@misc{Wolfram,
    author = "Wolfram Mathworld",
	title = "Fourier Series",
	url = "http://mathworld.wolfram.com/FourierSeries.html"
}

@misc{AzadFourierTransform,
	author = "Better Explained",
	title = "An Interactive Guide to the Fourier Transform",
	url = "http://betterexplained.com/articles/an-interactive-guide-to-the-fourier-transform/"
}

@misc{FToy,
	author = "Toxic Dump",
	title = "Fourier Toy",
	url = "http://toxicdump.org/stuff/FourierToy.swf"
}

@misc{Harmony,
    author = "Hyper Physics",
    title = "Sound",
    url = "http://hyperphysics.phy-astr.gsu.edu/hbase/waves/funhar.html"
    publisher = "Georgia State University"
}

@misc{Ear,
    author = "Wikipedia",
    title = "Ear"
    }

@misc{Earth,
    author = "Math Pages",
    title = "Eccentrics, Deferents, Epicycles, and Equants"
}

@misc{Homer,
    author = "Santiago Ginnobili",
    title = "Ptolemy and Homer (Simpson)"
}

@misc{Buzz,
    author = "Audio Masterclass",
    title = "Can you hear the difference between a square wave and a sine wave?"
}

@misc{Sound,
    author = "Physics Classroom",
    title = "Sound Waves and Music"
}

@misc{Chip,
    author = "Wikipedia",
    title = "Chiptune"
}